<?xml version="1.0" encoding="UTF-8"?><collection xmlns="http://www.loc.gov/MARC21/slim"><record><leader>00534nam--2200193-i-4500</leader><controlfield tag="001">000027605</controlfield><controlfield tag="002">20161230</controlfield><controlfield tag="005">20161230201036</controlfield><controlfield tag="008">060222s1000------------r-----000-0-ger-d</controlfield><datafield ind1=" " ind2=" " tag="040"><subfield code="a">IFIN-HH</subfield></datafield><datafield ind1=" " ind2=" " tag="041"><subfield code="a">ger</subfield></datafield><datafield ind1=" " ind2=" " tag="080"><subfield code="a">536.25:536.5</subfield></datafield><datafield ind1="1" ind2=" " tag="100"><subfield code="a">Kraus, Werner</subfield></datafield><datafield ind1="1" ind2="0" tag="245"><subfield code="a">Messung des temperatur - und geschwindigkeutfeldes bei freier konvektion</subfield><subfield code="c">Werner kraus</subfield></datafield><datafield ind1=" " ind2=" " tag="260"><subfield code="a">Karlsruhe</subfield><subfield code="b">Verlag G.Braun</subfield><subfield code="c">1955</subfield></datafield><datafield ind1=" " ind2=" " tag="300"><subfield code="a">VIII + 147P</subfield></datafield><datafield ind1=" " ind2=" " tag="490"><subfield code="a">Bucher De Messtechnik</subfield></datafield><datafield ind1=" " ind2=" " tag="852"><subfield code="a">16547</subfield><subfield code="c">536</subfield></datafield><datafield ind1=" " ind2=" " tag="CAT"><subfield code="a">Sys</subfield><subfield code="c">20110503</subfield><subfield code="h">153609</subfield></datafield></record></collection>